<record><leader>00000cas a2200000 a 4500</leader><controlfield tag="001">1767511</controlfield><controlfield tag="008">751101d17971798nyuir ne      0   a0eng c</controlfield><datafield ind1=" " ind2=" " tag="010"><subfield code="a">sn 77020138 </subfield></datafield><datafield ind1=" " ind2=" " tag="040"><subfield code="a">MUL</subfield><subfield code="b">eng</subfield><subfield code="c">MUL</subfield><subfield code="d">NYG</subfield><subfield code="d">DLC</subfield><subfield code="d">NYS</subfield><subfield code="d">NVK</subfield><subfield code="d">OCL</subfield><subfield code="d">CVF</subfield><subfield code="d">NVK</subfield><subfield code="d">OCL</subfield><subfield code="d">NYS</subfield><subfield code="d">OCLCG</subfield><subfield code="d">OCLCQ</subfield><subfield code="d">OCLCF</subfield><subfield code="d">OCLCO</subfield></datafield><datafield ind1="1" ind2=" " tag="029"><subfield code="a">AU@</subfield><subfield code="b">000020129653</subfield></datafield><datafield ind1=" " ind2=" " tag="042"><subfield code="a">pcc</subfield></datafield><datafield ind1=" " ind2=" " tag="043"><subfield code="a">n-us-ny</subfield></datafield><datafield ind1=" " ind2=" " tag="092"><subfield code="a">051</subfield><subfield code="b">T58p</subfield></datafield><datafield ind1="0" ind2=" " tag="130"><subfield code="a">Time piece (New York, N.Y.)</subfield></datafield><datafield ind1="1" ind2="4" tag="245"><subfield code="a">The Time piece.</subfield></datafield><datafield ind1="3" ind2=" " tag="246"><subfield code="a">Timepiece</subfield></datafield><datafield ind1=" " ind2=" " tag="260"><subfield code="a">New York, N.Y. :</subfield><subfield code="b">P. Freneau &amp; A. Menut,</subfield><subfield code="c">1797-1798.</subfield></datafield><datafield ind1=" " ind2=" " tag="300"><subfield code="a">2 v. ;</subfield><subfield code="c">44 cm.</subfield></datafield><datafield ind1=" " ind2=" " tag="310"><subfield code="a">Triweekly</subfield></datafield><datafield ind1="0" ind2=" " tag="362"><subfield code="a">Vol. 2, no. 1 (Sept. 15, 1797)-v. 3, no. 150 (Aug. 30, 1798).</subfield></datafield><datafield ind1="4" ind2=" " tag="510"><subfield code="a">Brigham, C.S. Amer. newspapers</subfield><subfield code="c">p. 695</subfield></datafield><datafield ind1=" " ind2=" " tag="530"><subfield code="a">Available on microfilm from University Microfilms (American periodical series: 18th century) and microprint from Readex.</subfield></datafield><datafield ind1=" " ind2="0" tag="651"><subfield code="a">New York (N.Y.)</subfield><subfield code="v">Newspapers.</subfield></datafield><datafield ind1=" " ind2="0" tag="651"><subfield code="a">New York County (N.Y.)</subfield><subfield code="v">Newspapers.</subfield></datafield><datafield ind1=" " ind2="7" tag="655"><subfield code="a">Newspapers.</subfield><subfield code="2">fast</subfield><subfield code="0">(OCoLC)fst01423814</subfield></datafield><datafield ind1=" " ind2="7" tag="651"><subfield code="a">New York (State)</subfield><subfield code="z">New York.</subfield><subfield code="2">fast</subfield><subfield code="0">(OCoLC)fst01204333</subfield></datafield><datafield ind1=" " ind2="7" tag="651"><subfield code="a">New York (State)</subfield><subfield code="z">New York County.</subfield><subfield code="2">fast</subfield><subfield code="0">(OCoLC)fst01234953</subfield></datafield><datafield ind1="1" ind2=" " tag="700"><subfield code="a">Freneau, Philip Morin,</subfield><subfield code="d">1752-1832.</subfield></datafield><datafield ind1=" " ind2=" " tag="752"><subfield code="a">United States</subfield><subfield code="b">New York</subfield><subfield code="c">New York</subfield><subfield code="d">New York.</subfield></datafield><datafield ind1="1" ind2=" " tag="776"><subfield code="t">Time piece</subfield><subfield code="w">(DLC)sf 89099257</subfield><subfield code="w">(OCoLC)10000772</subfield></datafield><datafield ind1="0" ind2="0" tag="780"><subfield code="t">Time-piece, and literary companion</subfield><subfield code="w">(DLC)sc 83001393</subfield><subfield code="w">(OCoLC)2451131</subfield></datafield></record>